@article{flad2008divination,
  title={Divination and power: a multiregional view of the development of oracle bone divination in early China},
  author={Flad, Rowan K and Allan, Sarah and Campbell, Rod and Chen, Xingcan and von Falkenhausen, Lothar and Fang, Hui and Fiskesj{\"o}, Magnus and Jing, Zhichun and Keightley, David N and Kyriakidis, Evangelos and others},
  journal={Current Anthropology},
  volume={49},
  pages={403--437},
  year={2008},
}

@article{keightley1997graphs,
  title={Graphs, words, and meanings: Three reference works for Shang oracle-bone studies, with an excursus on the religious role of the day or sun},
  author={Keightley, David N},
  journal={Journal of the American Oriental Society},
  volume={117},
  pages={507--524},
  year={1997},
}

@article{li2020hwobc,
  title={{HWOBC-A} Handwriting Oracle Bone Character Recognition Database},
  author={Li, Bang and Dai, Qianwen and Gao, Feng and Zhu, Weiye and Li, Qiang and Liu, Yongge},
  journal={Journal of Physics: Conference Series},
  volume={1651},
  pages={1--7},
  year={2020},
}

@article{luo2021separating,
  title={Separating content from style using adversarial learning for recognizing text in the wild},
  author={Luo, Canjie and Lin, Qingxiang and Liu, Yuliang and Jin, Lianwen and Shen, Chunhua},
  journal={International Journal of Computer Vision},
  volume={129},
  number={4},
  pages={960--976},
  year={2021},
}

@inproceedings{huang2019obc306,
  title={{OBC}306: A Large-Scale Oracle Bone Character Recognition Dataset},
  author={Huang, Shuangping and Wang, Haobin and Liu, Yongge and Shi, Xiaosong and Jin, Lianwen},
  booktitle={Proceedings of International Conference on Document Analysis and Recognition},
  pages={1--14},
  year={2014}
}

@article{krizhevsky2012imagenet,
  title={Imagenet classification with deep convolutional neural networks},
  author={Krizhevsky, Alex and Sutskever, Ilya and Hinton, Geoffrey E},
  journal={Advances in neural information processing systems},
  volume={25},
  pages={1097--1105},
  year={2012}
}

@inproceedings{simonyan2014very,
  title={Very deep convolutional networks for large-scale image recognition},
  author={Simonyan, Karen and Zisserman, Andrew},
  booktitle={Proceedings of International Conference on Learning Representations},
  pages={1--14},
  year={2014}
}

@inproceedings{szegedy2015going,
  title={Going deeper with convolutions},
  author={Szegedy, Christian and Liu, Wei and Jia, Yangqing and Sermanet, Pierre and Reed, Scott and Anguelov, Dragomir and Erhan, Dumitru and Vanhoucke, Vincent and Rabinovich, Andrew},
  booktitle={Proceedings of the IEEE conference on computer vision and pattern recognition},
  pages={1--9},
  year={2015}
}

@inproceedings{he2016deep,
  title={Deep residual learning for image recognition},
  author={He, Kaiming and Zhang, Xiangyu and Ren, Shaoqing and Sun, Jian},
  booktitle={Proceedings of the IEEE conference on computer vision and pattern recognition},
  pages={770--778},
  year={2016}
}

@article{guo2015building,
  title={Building hierarchical representations for oracle character and sketch recognition},
  author={Guo, Jun and Wang, Changhu and Roman-Rangel, Edgar and Chao, Hongyang and Rui, Yong},
  journal={IEEE Transactions on Image Processing},
  volume={25},
  pages={104--118},
  year={2015},
}

@inproceedings{zhang2019oracle,
  title={Oracle Character Recognition by Nearest Neighbor Classification with Deep Metric Learning},
  author={Zhang, Yi-Kang and Zhang, Heng and Liu, Yong-Ge and Yang, Qing and Liu, Cheng-Lin},
  booktitle={Proceedings of International Conference on Document Analysis and Recognition},
  pages={309--314},
  year={2019},
}

@article{wang2018deep,
  title={Deep visual domain adaptation: A survey},
  author={Wang, Mei and Deng, Weihong},
  journal={Neurocomputing},
  volume={312},
  pages={135--153},
  year={2018},
}

@inproceedings{Ganin2015Unsupervised,
  title={Unsupervised domain adaptation by backpropagation},
  author={Ganin, Yaroslav and Lempitsky, Victor},
  booktitle={Proceedings of International conference on machine learning},
  pages={1180--1189},
  year={2015},
}

@inproceedings{Long2015Learning,
  title={Learning transferable features with deep adaptation networks},
  author={Long, Mingsheng and Cao, Yue and Wang, Jianmin and Jordan, Michael},
  booktitle={Proceedings of International conference on machine learning},
  pages={97--105},
  year={2015},
}

@article{Long2016Unsupervised,
  title={Unsupervised Domain Adaptation with Residual Transfer Networks},
  author={Long, Mingsheng and Zhu, Han and Wang, Jianmin and Jordan, Michael I},
  journal={Advances in Neural Information Processing Systems},
  volume={29},
  pages={136--144},
  year={2016}
}

@Misc{anyang,
howpublished = {\url{http://jgw.aynu.edu.cn/ajaxpage/home2.0}},
title = {Anyang Normal University. {OBI} database, 2019.}
}

@inproceedings{zhou1995method,
  title={A method of Jia Gu Wen recognition based on a two-level classification},
  author={Zhou, Xin-Lun and Hua, Xing-Cheng and Li, Feng},
  booktitle={Proceedings of International Conference on Document Analysis and Recognition},
  pages={833--836},
  year={1995},
}

@article{li2000coding,
  title={The coding principle and method for automatic recognition of Jia Gu Wen characters},
  author={Li, FENG and Woo, Peng-yung},
  journal={International Journal of Human-Computer Studies},
  volume={53},
  pages={289--299},
  year={2000},
}

@article{li2011recognition,
  title={Recognition of inscriptions on bones or tortoise shells based on graph isomorphism},
  author={Li, Qingsheng and Yang, Yuxing and Wang, Aimin},
  journal={Jisuanji Gongcheng yu Yingyong(Computer Engineering and Applications)},
  volume={47},
  pages={112--114},
  year={2011}
}

@article{shaotong2016identification,
  title={Identification of oracle-bone script fonts based on topological registration},
  author={Gu, Shaotong},
  journal={Computer \& Digital Engineering},
  volume={44},
  pages={2001--2006},
  year={2016}
}

@article{liu2017oracle,
  title={Oracle bone inscription recognition based on svm},
  author={Liu, Yongge and Liu, Guoying},
  journal={Journal of Anyang Normal University},
  volume={2},
  pages={54--56},
  year={2017}
}

@article{lv2010graphic,
  title={A graphic-based method for Chinese oracle-bone classification},
  author={Lv, Xiaoqing and Li, Monan and Cai, Kaiwei and Wang, Xiao and Tang, Yingmin},
  journal={Journal of Beijing Information Science and Technology University},
  volume={25},
  pages={92--96},
  year={2010}
}

@article{zhang2021oracle,
  title={Oracle character recognition based on cross-modal deep metric learning},
  author={Zhang, Yi-Kang and Zhang, Heng and Liu, Yong-Ge and Liu, Cheng-Lin},
  journal={Acta Automatica Sinica},
  volume={47},
  pages={791--800},
  year={2021}
}

@article{lu2020recognition,
  title={Recognition of Oracle Radical based on the Capsule network},
  author={Lu, Xuzheng and Cai, Hengjin and Lin, Li},
  journal={CAAI transactions on intelligent systems},
  volume={15},
  pages={243--254},
  year={2020}
}

@inproceedings{huang2017densely,
  title={Densely connected convolutional networks},
  author={Huang, Gao and Liu, Zhuang and Van Der Maaten, Laurens and Weinberger, Kilian Q},
  booktitle={Proceedings of the IEEE conference on computer vision and pattern recognition},
  pages={4700--4708},
  year={2017}
}

@article{sabour2017dynamic,
  title={Dynamic Routing Between Capsules},
  author={Sabour, Sara and Frosst, Nicholas and Hinton, Geoffrey E},
  journal={Advances in Neural Information Processing Systems},
  volume={30},
  pages={3859--3869},
  year={2017}
}


@inproceedings{long2017deep,
  title={Deep transfer learning with joint adaptation networks},
  author={Long, Mingsheng and Zhu, Han and Wang, Jianmin and Jordan, Michael I},
  booktitle={Proceedings of International conference on machine learning},
  pages={2208--2217},
  year={2017},
}

@inproceedings{Yan2017Mind,
  title={Mind the class weight bias: Weighted maximum mean discrepancy for unsupervised domain adaptation},
  author={Yan, Hongliang and Ding, Yukang and Li, Peihua and Wang, Qilong and Xu, Yong and Zuo, Wangmeng},
  booktitle={Proceedings of the IEEE Conference on Computer Vision and Pattern Recognition},
  pages={2272--2281},
  year={2017}
}

@inproceedings{sun2016deep,
  title={Deep coral: Correlation alignment for deep domain adaptation},
  author={Sun, Baochen and Saenko, Kate},
  booktitle={Proceedings of European conference on computer vision},
  pages={443--450},
  year={2016},
}

@inproceedings{long2018conditional,
  title={Conditional adversarial domain adaptation},
  author={Long, Mingsheng and Cao, Zhangjie and Wang, Jianmin and Jordan, Michael I},
  booktitle={Proceedings of International Conference on Neural Information Processing Systems},
  pages={1647--1657},
  year={2018}
}

@article{zellinger2017central,
  title={Central moment discrepancy (cmd) for domain-invariant representation learning},
  author={Zellinger, Werner and Grubinger, Thomas and Lughofer, Edwin and Natschl{\"a}ger, Thomas and Saminger-Platz, Susanne},
  journal={arXiv preprint arXiv:1702.08811},
  pages={1--13},
  year={2017}
}

@inproceedings{peng2019moment,
  title={Moment matching for multi-source domain adaptation},
  author={Peng, Xingchao and Bai, Qinxun and Xia, Xide and Huang, Zijun and Saenko, Kate and Wang, Bo},
  booktitle={Proceedings of the IEEE International Conference on Computer Vision},
  pages={1406--1415},
  year={2019}
}

@inproceedings{Tzeng2017Adversarial,
  title={Adversarial discriminative domain adaptation},
  author={Tzeng, Eric and Hoffman, Judy and Saenko, Kate and Darrell, Trevor},
  booktitle={Proceedings of the IEEE conference on computer vision and pattern recognition},
  pages={7167--7176},
  year={2017}
}

@inproceedings{pei2018multi,
  title={Multi-adversarial domain adaptation},
  author={Pei, Zhongyi and Cao, Zhangjie and Long, Mingsheng and Wang, Jianmin},
  booktitle={Proceedings of the AAAI Conference on Artificial Intelligence},
  pages={3934--3941},
  year={2018}
}

@inproceedings{xie2018learning,
  title={Learning semantic representations for unsupervised domain adaptation},
  author={Xie, Shaoan and Zheng, Zibin and Chen, Liang and Chen, Chuan},
  booktitle={Proceedings of International conference on machine learning},
  pages={5423--5432},
  year={2018},
}

@inproceedings{chen2019progressive,
  title={Progressive feature alignment for unsupervised domain adaptation},
  author={Chen, Chaoqi and Xie, Weiping and Huang, Wenbing and Rong, Yu and Ding, Xinghao and Huang, Yue and Xu, Tingyang and Huang, Junzhou},
  booktitle={Proceedings of the IEEE Conference on Computer Vision and Pattern Recognition},
  pages={627--636},
  year={2019}
}

@inproceedings{saito2017asymmetric,
  title={Asymmetric tri-training for unsupervised domain adaptation},
  author={Saito, Kuniaki and Ushiku, Yoshitaka and Harada, Tatsuya},
  booktitle={Proceedings of International Conference on Machine Learning},
  pages={2988--2997},
  year={2017},
}

@article{goodfellow2014generative,
  title={Generative adversarial nets},
  author={Goodfellow, Ian and Pouget-Abadie, Jean and Mirza, Mehdi and Xu, Bing and Warde-Farley, David and Ozair, Sherjil and Courville, Aaron and Bengio, Yoshua},
  journal={Advances in neural information processing systems},
  volume={27},
  pages={2672--2680},
  year={2014}
}

@inproceedings{hoffman2018cycada,
  title={Cycada: Cycle-consistent adversarial domain adaptation},
  author={Hoffman, Judy and Tzeng, Eric and Park, Taesung and Zhu, Jun-Yan and Isola, Phillip and Saenko, Kate and Efros, Alexei and Darrell, Trevor},
  booktitle={Proceedings of International conference on machine learning},
  pages={1989--1998},
  year={2018},
}

@inproceedings{hu2018duplex,
  title={Duplex generative adversarial network for unsupervised domain adaptation},
  author={Hu, Lanqing and Kan, Meina and Shan, Shiguang and Chen, Xilin},
  booktitle={Proceedings of the IEEE Conference on Computer Vision and Pattern Recognition},
  pages={1498--1507},
  year={2018}
}

@inproceedings{sankaranarayanan2018generate,
  title={Generate to adapt: Aligning domains using generative adversarial networks},
  author={Sankaranarayanan, Swami and Balaji, Yogesh and Castillo, Carlos D and Chellappa, Rama},
  booktitle={Proceedings of the IEEE Conference on Computer Vision and Pattern Recognition},
  pages={8503--8512},
  year={2018}
}

@inproceedings{zhu2017unpaired,
  title={Unpaired image-to-image translation using cycle-consistent adversarial networks},
  author={Zhu, Jun-Yan and Park, Taesung and Isola, Phillip and Efros, Alexei A},
  booktitle={Proceedings of the IEEE international conference on computer vision},
  pages={2223--2232},
  year={2017}
}

@article{bousmalis2016domain,
  title={Domain separation networks},
  author={Bousmalis, Konstantinos and Trigeorgis, George and Silberman, Nathan and Krishnan, Dilip and Erhan, Dumitru},
  journal={Advances in neural information processing systems},
  volume={29},
  pages={343--351},
  year={2016}
}

@inproceedings{zhang2018collaborative,
  title={Collaborative and adversarial network for unsupervised domain adaptation},
  author={Zhang, Weichen and Ouyang, Wanli and Li, Wen and Xu, Dong},
  booktitle={Proceedings of the IEEE conference on computer vision and pattern recognition},
  pages={3801--3809},
  year={2018}
}

@article{ben2010theory,
  title={A theory of learning from different domains},
  author={Ben-David, Shai and Blitzer, John and Crammer, Koby and Kulesza, Alex and Pereira, Fernando and Vaughan, Jennifer Wortman},
  journal={Machine learning},
  volume={79},
  pages={151--175},
  year={2010},
}

@inproceedings{mao2017least,
  title={Least squares generative adversarial networks},
  author={Mao, Xudong and Li, Qing and Xie, Haoran and Lau, Raymond YK and Wang, Zhen and Paul Smolley, Stephen},
  booktitle={Proceedings of the IEEE international conference on computer vision},
  pages={2794--2802},
  year={2017}
}

@inproceedings{johnson2016perceptual,
  title={Perceptual losses for real-time style transfer and super-resolution},
  author={Johnson, Justin and Alahi, Alexandre and Fei-Fei, Li},
  booktitle={Proceedings of European conference on computer vision},
  pages={694--711},
  year={2016},
}

@article{gatys2016neural,
  title={A Neural Algorithm of Artistic Style},
  author={Gatys, Leon and Ecker, Alexander and Bethge, Matthias},
  journal={Journal of Vision},
  volume={16},
  pages={326--326},
  year={2016},
}

@article{russakovsky2015imagenet,
  title={Imagenet large scale visual recognition challenge},
  author={Russakovsky, Olga and Deng, Jia and Su, Hao and Krause, Jonathan and Satheesh, Sanjeev and Ma, Sean and Huang, Zhiheng and Karpathy, Andrej and Khosla, Aditya and Bernstein, Michael and others},
  journal={International journal of computer vision},
  volume={115},
  pages={211--252},
  year={2015},
}

@inproceedings{huang2017arbitrary,
  title={Arbitrary style transfer in real-time with adaptive instance normalization},
  author={Huang, Xun and Belongie, Serge},
  booktitle={Proceedings of the IEEE International Conference on Computer Vision},
  pages={1501--1510},
  year={2017}
}

@article{mirza2014conditional,
  title={Conditional generative adversarial nets},
  author={Mirza, Mehdi and Osindero, Simon},
  journal={arXiv preprint arXiv:1411.1784},
  pages={1--7},
  year={2014}
}

@article{lecun1998gradient,
  title={Gradient-based learning applied to document recognition},
  author={LeCun, Yann and Bottou, L{\'e}on and Bengio, Yoshua and Haffner, Patrick},
  journal={Proceedings of the IEEE},
  volume={86},
  pages={2278--2324},
  year={1998},
}

@inproceedings{netzer2011reading,
  title={Reading digits in natural images with unsupervised feature learning},
  author={Netzer, Yuval and Wang, Tao and Coates, Adam and Bissacco, Alessandro and Wu, Bo and Ng, Andrew Y},
  booktitle={Proceedings of International Conference on Neural Information Processing Systems Workshops},
  pages={1--7},
  year={2011}
}

@inproceedings{denker1989neural,
  title={Neural network recognizer for hand-written zip code digits},
  author={Denker, John S and Gardner, WR and Graf, Hans Peter and Henderson, Donnie and Howard, Richard E and Hubbard, W and Jackel, Lawrence D and Baird, Henry S and Guyon, Isabelle},
  booktitle={Proceedings of International Conference on Neural Information Processing Systems},
  pages={323--331},
  year={1989}
}


@article{dumoulin2016guide,
  title={A guide to convolution arithmetic for deep learning},
  author={Dumoulin, Vincent and Visin, Francesco},
  journal={arXiv preprint arXiv:1603.07285},
  pages={1--31},
  year={2016}
}

@article{ulyanov2016instance,
  title={Instance normalization: The missing ingredient for fast stylization},
  author={Ulyanov, Dmitry and Vedaldi, Andrea and Lempitsky, Victor},
  journal={arXiv preprint arXiv:1607.08022},
  pages={1--6},
  year={2016}
}

@inproceedings{radford2015unsupervised,
  title={Unsupervised representation learning with deep convolutional generative adversarial networks},
  author={Radford, Alec and Metz, Luke and Chintala, Soumith},
  booktitle={Proceedings of International Conference on Learning Representations},
  pages={1--16},
  year={2015}
}

@article{tzeng2014deep,
  title={Deep domain confusion: Maximizing for domain invariance},
  author={Tzeng, Eric and Hoffman, Judy and Zhang, Ning and Saenko, Kate and Darrell, Trevor},
  journal={arXiv preprint arXiv:1412.3474},
  pages={1--9},
  year={2014}
}

@inproceedings{chen2019transferability,
  title={Transferability vs. discriminability: Batch spectral penalization for adversarial domain adaptation},
  author={Chen, Xinyang and Wang, Sinan and Long, Mingsheng and Wang, Jianmin},
  booktitle={Proceedings of International conference on machine learning},
  pages={1081--1090},
  year={2019},
}

@inproceedings{cui2020gradually,
  title={Gradually vanishing bridge for adversarial domain adaptation},
  author={Cui, Shuhao and Wang, Shuhui and Zhuo, Junbao and Su, Chi and Huang, Qingming and Tian, Qi},
  booktitle={Proceedings of the IEEE Conference on Computer Vision and Pattern Recognition},
  pages={12455--12464},
  year={2020}
}

@article{jia2019domain,
  title={Domain-invariant representation learning using an unsupervised domain adversarial adaptation deep neural network},
  author={Jia, Xibin and Jin, Ya and Su, Xing and Hu, Yongli},
  journal={Neurocomputing},
  volume={355},
  pages={209--220},
  year={2019},
}

@inproceedings{luo2017label,
  title={Label efficient learning of transferable representations across domains and tasks},
  author={Luo, Zelun and Zou, Yuliang and Hoffman, Judy and Fei-Fei, Li},
  booktitle={Proceedings of International Conference on Neural Information Processing Systems},
  pages={164--176},
  year={2017}
}

@article{liu2016coupled,
  title={Coupled generative adversarial networks},
  author={Liu, Ming-Yu and Tuzel, Oncel},
  journal={Advances in neural information processing systems},
  volume={29},
  pages={469--477},
  year={2016}
}

@inproceedings{bousmalis2017unsupervised,
  title={Unsupervised pixel-level domain adaptation with generative adversarial networks},
  author={Bousmalis, Konstantinos and Silberman, Nathan and Dohan, David and Erhan, Dumitru and Krishnan, Dilip},
  booktitle={Proceedings of the IEEE conference on computer vision and pattern recognition},
  pages={3722--3731},
  year={2017}
}

@article{liu2017unsupervised,
  title={Unsupervised image-to-image translation networks},
  author={Liu, Ming-Yu and Breuel, Thomas and Kautz, Jan},
  journal={Advances in neural information processing systems},
  volume={30},
  pages={700--708},
  year={2017}
}

@inproceedings{taigman2016unsupervised,
  title={Unsupervised cross-domain image generation},
  author={Taigman, Yaniv and Polyak, Adam and Wolf, Lior},
  booktitle={Proceedings of International Conference on Learning Representations},
  pages={1--14},
  year={2017}
}

@article{maaten2008visualizing,
  title={Visualizing data using t-SNE},
  author={Maaten, Laurens van der and Hinton, Geoffrey},
  journal={Journal of machine learning research},
  volume={9},
  pages={2579--2605},
  year={2008}
}

@article{chadha2019improved,
  title={Improved techniques for adversarial discriminative domain adaptation},
  author={Chadha, Aaron and Andreopoulos, Yiannis},
  journal={IEEE Transactions on Image Processing},
  volume={29},
  pages={2622--2637},
  year={2019},
}

@article{chen2019graph,
  title={A graph embedding framework for maximum mean discrepancy-based domain adaptation algorithms},
  author={Chen, Yiming and Song, Shiji and Li, Shuang and Wu, Cheng},
  journal={IEEE Transactions on Image Processing},
  volume={29},
  pages={199--213},
  year={2019},
}


@article{zhang2021robust,
  title={Robust Text Image Recognition via Adversarial Sequence-to-Sequence Domain Adaptation},
  author={Zhang, Yaping and Nie, Shuai and Liang, Shan and Liu, Wenju},
  journal={IEEE Transactions on Image Processing},
  volume={30},
  pages={3922--3933},
  year={2021},
}

@inproceedings{kang2020unsupervised,
  title={Unsupervised writer adaptation for synthetic-to-real handwritten word recognition},
  author={Kang, Lei and Rusinol, Mar{\c{c}}al and Forn{\'e}s, Alicia and Riba, Pau and Villegas, Mauricio},
  booktitle={Proceedings of the IEEE Winter Conference on Applications of Computer Vision},
  pages={3502--3511},
  year={2020}
}

@inproceedings{wu2019editing,
  title={Editing text in the wild},
  author={Wu, Liang and Zhang, Chengquan and Liu, Jiaming and Han, Junyu and Liu, Jingtuo and Ding, Errui and Bai, Xiang},
  booktitle={Proceedings of the ACM international conference on multimedia},
  pages={1500--1508},
  year={2019}
}

@inproceedings{yang2020swaptext,
  title={Swaptext: Image based texts transfer in scenes},
  author={Yang, Qiangpeng and Huang, Jun and Lin, Wei},
  booktitle={Proceedings of the IEEE Conference on Computer Vision and Pattern Recognition},
  pages={14700--14709},
  year={2020}
}

@inproceedings{shimoda2021rendering,
  title={De-rendering Stylized Texts},
  author={Shimoda, Wataru and Haraguchi, Daichi and Uchida, Seiichi and Yamaguchi, Kota},
  booktitle={Proceedings of the IEEE International Conference on Computer Vision},
  pages={1076--1085},
  year={2021}
}

@inproceedings{cheng2020improving,
  title={Improving Disentangled Text Representation Learning with Information-Theoretic Guidance},
  author={Cheng, Pengyu and Min, Martin Renqiang and Shen, Dinghan and Malon, Christopher and Zhang, Yizhe and Li, Yitong and Carin, Lawrence},
  booktitle={Proceedings of the Annual Meeting of the Association for Computational Linguistics},
  pages={7530--7541},
  year={2020}
}

@inproceedings{shen2017style,
  title={Style transfer from non-parallel text by cross-alignment},
  author={Shen, Tianxiao and Lei, Tao and Barzilay, Regina and Jaakkola, Tommi},
  booktitle={Proceedings of International Conference on Neural Information Processing Systems},
  pages={6833--6844},
  year={2017}
}

@inproceedings{john2019disentangled,
  title={Disentangled Representation Learning for Non-Parallel Text Style Transfer},
  author={John, Vineet and Mou, Lili and Bahuleyan, Hareesh and Vechtomova, Olga},
  booktitle={Proceedings of the Annual Meeting of the Association for Computational Linguistics},
  pages={424--434},
  year={2019}
}

@inproceedings{shi2018genre,
  title={Genre separation network with adversarial training for cross-genre relation extraction},
  author={Shi, Ge and Feng, Chong and Huang, Lifu and Zhang, Boliang and Ji, Heng and Liao, Lejian and Huang, He-Yan},
  booktitle={Proceedings of the Conference on Empirical Methods in Natural Language Processing},
  pages={1018--1023},
  year={2018}
}

@inproceedings{kim2017adversarial,
  title={Adversarial adaptation of synthetic or stale data},
  author={Kim, Young-Bum and Stratos, Karl and Kim, Dongchan},
  booktitle={Proceedings of the Annual Meeting of the Association for Computational Linguistics (Volume 1: Long Papers)},
  pages={1297--1307},
  year={2017}
}

